% Normative references

@misc{RFC2119,
	series =	{Request for Comments},
	number =	2119,
	howpublished =	{RFC 2119},
	publisher =	{RFC Editor},
	doi =		{10.17487/RFC2119},
	url =		{https://rfc-editor.org/rfc/rfc2119.txt},
        author =	{Scott O. Bradner},
	title =		{{Key words for use in RFCs to Indicate Requirement Levels}},
	pagetotal =	3,
	year =		1997,
	month =		mar,
	abstract =	{In many standards track documents several words are used to signify the requirements in the specification. These words are often capitalized. This document defines these words as they should be interpreted in IETF documents. This document specifies an Internet Best Current Practices for the Internet Community, and requests discussion and suggestions for improvements.},
}

@misc{RFC7748,
	series =	{Request for Comments},
	number =	7748,
	howpublished =	{RFC 7748},
	publisher =	{RFC Editor},
	doi =		{10.17487/RFC7748},
	url =		{https://rfc-editor.org/rfc/rfc7748.txt},
        author =	{Adam Langley and Mike Hamburg and Sean Turner},
	title =		{{Elliptic Curves for Security}},
	pagetotal =	22,
	year =		2016,
	month =		jan,
	abstract =	{This memo specifies two elliptic curves over prime fields that offer a high level of practical security in cryptographic applications, including Transport Layer Security (TLS). These curves are intended to operate at the \textasciitilde{}128-bit and \textasciitilde{}224-bit security level, respectively, and are generated deterministically based on a list of required properties.},
}

@misc{RFC8032,
	series =	{Request for Comments},
	number =	8032,
	howpublished =	{RFC 8032},
	publisher =	{RFC Editor},
	doi =		{10.17487/RFC8032},
	url =		{https://rfc-editor.org/rfc/rfc8032.txt},
        author =	{Simon Josefsson and Ilari Liusvaara},
	title =		{{Edwards-Curve Digital Signature Algorithm (EdDSA)}},
	pagetotal =	60,
	year =		2017,
	month =		jan,
	abstract =	{This document describes elliptic curve signature scheme Edwards-curve Digital Signature Algorithm (EdDSA). The algorithm is instantiated with recommended parameters for the edwards25519 and edwards448 curves. An example implementation and test vectors are provided.},
}

@misc{RFC8439,
	series =	{Request for Comments},
	number =	8439,
	howpublished =	{RFC 8439},
	publisher =	{RFC Editor},
	doi =		{10.17487/RFC8439},
	url =		{https://rfc-editor.org/rfc/rfc8439.txt},
        author =	{Yoav Nir and Adam Langley},
	title =		{{ChaCha20 and Poly1305 for IETF Protocols}},
	pagetotal =	46,
	year =		2018,
	month =		jun,
	abstract =	{This document defines the ChaCha20 stream cipher as well as the use of the Poly1305 authenticator, both as stand-alone algorithms and as a "combined mode", or Authenticated Encryption with Associated Data (AEAD) algorithm.},
}

% Informational references

@misc{RFC5246,
	series =	{Request for Comments},
	number =	5246,
	howpublished =	{RFC 5246},
	publisher =	{RFC Editor},
	doi =		{10.17487/RFC5246},
	url =		{https://rfc-editor.org/rfc/rfc5246.txt},
        author =	{Eric Rescorla and Tim Dierks},
	title =		{{The Transport Layer Security (TLS) Protocol Version 1.2}},
	pagetotal =	104,
	year =		2008,
	month =		aug,
	abstract =	{This document specifies Version 1.2 of the Transport Layer Security (TLS) protocol. The TLS protocol provides communications security over the Internet. The protocol allows client/server applications to communicate in a way that is designed to prevent eavesdropping, tampering, or message forgery. {[}STANDARDS-TRACK{]}},
}

% EGA-archive github repository
@misc{EGA-c4gh,
  author = {EGA System Developers},
  title = {{GA4GH cryptographic tools}},
  howpublished = "\url{https://github.com/EGA-archive/crypt4gh/tree/master/specs}",
  year = {2018}, 
  note = "Documentation: https://crypt4gh.readthedocs.io"
}
